@article{GPU_FW,
    title={Parallelization of Shortest Path Finder on GPU: Floyd-Warshall},
    author={{Dhananjay Kulkarni, Neha Sharma, Prithviraj Shinde, Vaishali Varma}},
    year={2015},
    journal={International Journal of Computer Applications (0975 8887)},
    url={https://citeseerx.ist.psu.edu/document?repid=rep1&type=pdf&doi=5dacf3b3f56ff1826ebe9669668daa488e2bf647}
}

@article{Multithread_FW,
    title={Parallelizing the Floyd-Warshall Algorithm on Modern Multicore Platforms: Lessons Learned},
    author={{Students of the Parallel Processing Systems course, School of Electrical \& Computer Engineering, National Technical University of Athens}},
    url={http://www.cslab.ntua.gr/courses/pps/files/fall2011/paper_sfhmmy.pdf}
}